@Site(lenetPrototxt,
    url={https://github.com/BVLC/caffe/blob/master/examples/mnist/lenet.prototxt})
    
@Site(mnistdatabase,
    title={MNIST Database of hand written digits},
    author={Yann LeCun: Courant Institute, NYU;
Corinna Cortes: Google Labs, New York;
Christopher J.C. Burges: Microsoft Research, Redmond;},
url={http://yann.lecun.com/exdb/mnist/})